@article{
huber_1967,
title={The behavior of maximum likelihood estimates under nonstandard conditions},
volume={1},
journal={Proceedings of the 5th Berkeley symposium on mathematical statistics and probability},
author={Huber, Peter},
year={1967},
pages={221-233} },

@article{huisman_mahieu_2003,
title={Regime jumps in electricity prices},
volume={25},
DOI={10.1016/s0140-9883(03)00041-0},
number={5},
journal={Energy Economics},
author={Huisman, Ronald and Mahieu, Ronald},
year={2003},
pages={425-434} },

@article{may_1976,
title={Simple mathematical models with very complicated dynamics},
volume={261},
DOI={10.1038/261459a0},
number={5560},
journal={Nature},
author={May, Robert M.},
year={1976},
pages={459-467} }, 

@book{pilipovic_2007,
place={New Yok},
edition={2},
title={Energy risk},
publisher={McGraw-Hill},
author={PilipoviÄ‡, Dragana},
year={2007}, pages={21} },

@article{wood_2010,
title={Statistical inference for noisy nonlinear ecological dynamic systems},
volume={466},
DOI={10.1038/nature09319},
number={7310},
journal={Nature},
author={Wood, Simon N.},
year={2010},
pages={1102-1104} }

@article{haben_2014,
title={A new error measure for forecasts of household-level, high resolution electrical energy consumption},
volume={30},
DOI={10.1016/j.ijforecast.2013.08.002},
number={2},
journal={International Journal of Forecasting},
author={Haben, Stephen and Ward, Jonathan and Vukadinovic Greetham, Danica and Singleton, Colin and Grindrod, Peter},
year={2014},
pages={246-256} }

@article{keil_craig_2009,
title={A Displacement and Amplitude Score Employing an Optical Flow Technique},
volume={24},
DOI={10.1175/2009waf2222247.1},
number={5},
journal={Weather and Forecasting},
author={Keil, Christian and Craig, George C.},
year={2009},
pages={1297-1308} }

@article{fasiolo_pya_wood_2016,
title={A Comparison of Inferential Methods for Highly Nonlinear State Space Models in Ecology and Epidemiology},
volume={31},
DOI={10.1214/15-sts534},
number={1},
journal={Statistical Science},
author={Fasiolo, Matteo and Pya, Natalya and Wood, Simon N.}, year={2016},
pages={96-118}}

@misc{synlik_2014,
author  = "{Matteo Fasiolo and Simon N. Wood}",
title   = {synlik-dev},
year = {2014},
howpublished = "\url{https://github.com/mfasiolo/synlik\_dev}",
note = "[Online; Version 0.2.0]"}

@book{krzanowski_2000,
place={Oxford},
title={Principles of multivariate analysis},
publisher={Oxford University Press},
author={Krzanowski, W. J},
year={2000} }

@article{kalman_1960,
title={A New Approach to Linear Filtering and Prediction Problems},
volume={82},
DOI={10.1115/1.3662552},
number={1},
journal={Journal of Basic Engineering},
author={Kalman, R. E.},
year={1960},
pages={35-45} }

@book{rossi_2018,
edition={1},
title={Mathematical Statistics},
publisher={John Wiley \& Sons, Inc},
author={Rossi, Richard J.},
year={2018} }

@book{hayashi_2000,
edition={1},
title={Econometrics},
publisher={Princeton University Press},
author={Hayashi, Fumio},
year={2000} }

@article{pollard_1985,
title={New Ways to Prove Central Limit Theorems},
volume={1},
DOI={10.1017/s0266466600011233},
number={3},
journal={Econometric Theory},
author={Pollard, David},
year={1985},
pages={295-313} }

@misc{geyer_2013,
title={5601 Notes: The Sandwich Estimator},
author={Geyer, Charles J.},
year={2013},
howpublished = "\url{https://www.stat.umn.edu/geyer/5601/notes/sand.pdf}",
note = "[Online; accessed 25-April-2022]"}